
@misc{arduinoHome,
	title = {Arduino - {HomePage}},
	url = {http://www.arduino.cc/},
	urldate = {2013-04-16},
	howpublished = {http://www.arduino.cc/},
	file = {Arduino - HomePage:/home/lauris/.mozilla/firefox/bqohy43l.default/zotero/storage/H78WJ29D/www.arduino.cc.html:text/html}
}

@misc{megaAdk,
	title = {Arduino - {ArduinoBoardADK}},
	url = {http://arduino.cc/en/Main/ArduinoBoardADK},
	urldate = {2013-04-18},
	howpublished = {{http://arduino.cc/en/Main/ArduinoBoardADK}},
	file = {Arduino - ArduinoBoardADK:files/8/ArduinoBoardADK.html:text/html}
}

@misc{arduino_wireless,
	title = {Arduino - {ArduinoWirelessShield}},
	url = {http://arduino.cc/en/Main/ArduinoWirelessShield},
	urldate = {2013-04-18},
	howpublished = {{http://arduino.cc/en/Main/ArduinoWirelessShield}},
	file = {Arduino - ArduinoWirelessShield:/home/lauris/.mozilla/firefox/bqohy43l.default/zotero/storage/XN5WMZ3S/ArduinoWirelessShield.html:text/html}
},

@misc{rn_xv_module,
	title = {{RN-XV} {WiFly} Module - Wire Antenna - {SparkFun} Electronics},
	url = {https://www.sparkfun.com/products/10822},
	urldate = {2013-04-18},
	howpublished = {https://www.sparkfun.com/products/10822},
	file = {RN-XV WiFly Module - Wire Antenna - SparkFun Electronics:/home/lauris/.mozilla/firefox/bqohy43l.default/zotero/storage/47P44XX3/10822.html:text/html}
}

@misc{tinkerkit_introduction,
	title = {TinkerKit Introduction},
	url = {http://www.tinkerkit.com/introduction/},
	urldate = {2013-04-19},
	howpublished = {http://www.tinkerkit.com/introduction/},
	file = {TinkerKit Introduction:/home/lauris/.mozilla/firefox/bqohy43l.default/zotero/storage/4H9QWX7I/introduction.html:text/html}
}

@misc{hall_sensor,
	title = {Hall},
	url = {http://www.tinkerkit.com/hall/},
	urldate = {2013-04-27},
	howpublished = {http://www.tinkerkit.com/hall/},
	file = {Hall:/home/lauris/.mozilla/firefox/bqohy43l.default/zotero/storage/9WR7ZQJ9/hall.html:text/html}
},

@misc{light_sensor,
	title = {Light Sensor},
	url = {http://www.tinkerkit.com/ldr/},
	urldate = {2013-04-27},
	howpublished = {http://www.tinkerkit.com/ldr/},
	file = {Light Sensor:/home/lauris/.mozilla/firefox/bqohy43l.default/zotero/storage/7B9WHIXV/ldr.html:text/html}
},

@misc{thermistor_sensor,
	title = {Thermistor},
	url = {http://www.tinkerkit.com/thermistor/},
	urldate = {2013-04-27},
	howpublished = {http://www.tinkerkit.com/thermistor/},
	file = {Thermistor:/home/lauris/.mozilla/firefox/bqohy43l.default/zotero/storage/I26PKWZZ/thermistor.html:text/html}
}

@book{fuzzy_control_introduction,
	address = {1610 Illinois Street  Golden, Colorado 80401-1887  {USA}},
	title = {Introduction to Fuzzy Control},
	institution = {Colorado School of Mines, Engineering Division},
	author = {{Marcelo Godoy Simoes}}
}

@book{prev_thesis,
	address = {Tartu, Estonia},
	title = {Context Sensor Data on Demand for Mobile Users Supported by XMPP},
	institution = {University of Tartu, Faculty of Mathematics and Computer Science, Institute of Computer Science},
	author = {{Kaarel Hanson}}
}

@misc{9v_battery_capacity,
	title = {Discharge tests and capacity measurement of 9 volt transistor radio batteries},
	url = {http://www.powerstream.com/9V-Alkaline-tests.htm},
	urldate = {2013-04-23},
	howpublished = {{http://www.powerstream.com/9V-Alkaline-tests.htm}},
	file = {Discharge tests and capacity measurement of 9 volt transistor radio batteries:/home/lauris/.mozilla/firefox/bqohy43l.default/zotero/storage/5GWX7DHP/9V-Alkaline-tests.html:text/html}
}

@misc{watchdog_timer,
	title = {Single and Multistage Watchdog Timers},
	author = {{Jim Lamberson}},
	institution = {Sensoray},
	year = {2012}
}

@misc{jeelib_port,
	title = {{JeeLib:} Port Class Reference},
	url = {http://jeelabs.net/pub/docs/jeelib/classPort.html},
	urldate = {2013-04-23},
	howpublished = {{http://jeelabs.net/pub/docs/jeelib/classPort.html}},
	file = {JeeLib: Port Class Reference:/home/lauris/.mozilla/firefox/bqohy43l.default/zotero/storage/NKZR9CND/classPort.html:text/html}
}

@misc{jeelib_general,
	title = {{JeeLib:} Introduction},
	url = {http://jeelabs.net/pub/docs/jeelib/},
	urldate = {2013-04-23},
	howpublished = {http://jeelabs.net/pub/docs/jeelib/},
	file = {JeeLib: Introduction:/home/lauris/.mozilla/firefox/bqohy43l.default/zotero/storage/IH98FQXZ/jeelib.html:text/html}
}

@misc{wifly_manual,
	title = {{WiFly} User Guide - {WiFly-RN-UM.pdf}},
	url = {http://dlnmh9ip6v2uc.cloudfront.net/datasheets/Wireless/WiFi/WiFly-RN-UM.pdf},
	urldate = {2013-04-23},
	howpublished = {{http://dlnmh9ip6v2uc.cloudfront.net/datasheets/Wireless/WiFi/WiFly-RN-UM.pdf}},
	file = {WiFly User Guide - WiFly-RN-UM.pdf:/home/lauris/.mozilla/firefox/bqohy43l.default/zotero/storage/IGPIESN3/WiFly-RN-UM.html:text/html}
}

@book{fuzzy_sets,
	title = {Fuzzy Sets. Information and Control},
	author = {{Lotfi A. Zadeh}},
	year = {1965},
	pages = {338â€“353}
}
